@book{
  try_again,
  Author = {Persson, Jan-Åke and Friberg, Göran},
  ISBN = {9789162267810},
  Publisher = {Sanoma Utbildning},
  Title = {Try again.},
  URL = {http://ludwig.lub.lu.se/login?url=https://search-ebscohost-com.ludwig.lub.lu.se/login.aspx?direct=true&db=cat07147a&AN=lub.4908474&site=eds-live&scope=site},
  Year = {2016},
}
